@article{b1,
  author = "S. V. Edelman",
  title = "Importance of glucose control",
  journal = "Medical Clinics of North America",
  volume = 82,
  number = 4,
  pages = "665–687",
  year = 1998,
  note = "https://doi.org/10.1016/S0025-7125(05)70019-5"
}
@article{b2,
    author = "I. Conget and M. Giménez",
    title = "Glucose Control and Cardiovascular Disease Is it important? No",
    journal = "Diabetes Care",
    volume = 32,
    number = 2,
    pages = "S334–S336",
    year = "2009",
    note=""
}

